@ARTICLE{He:2019,
   author = {{He}, C.-C. and {Ricotti}, M. and {Geen}, S.},
    title = "{Simulating Star Clusters Across Cosmic Time: I. Initial Mass Function, Star Formation Rates and Efficiencies}",
  journal = {arXiv e-prints},
archivePrefix = "arXiv",
   eprint = {1904.07889},
 keywords = {Astrophysics - Astrophysics of Galaxies},
     year = 2019,
    month = apr,
   adsurl = {http://adsabs.harvard.edu/abs/2019arXiv190407889H},
  adsnote = {Provided by the SAO/NASA Astrophysics Data System}
}
